
@Article{Frehlich2013,
  author =    {Rod Frehlich},
  title =     {Scanning Doppler Lidar for Input into Short-Term Wind Power Forecasts},
  journal =   {Journal of Atmospheric and Oceanic Technology},
  year =      {2013},
  volume =    {30},
  number =    {2},
  pages =     {230--244},
  month =     {feb},
  doi =       {10.1175/jtech-d-11-00117.1},
  file =      {:M\:\\Documents\\PhD\\Bibliography\\Frehlich2013.pdf:PDF},
  publisher = {American Meteorological Society},
  url =       {http://dx.doi.org/10.1175/JTECH-D-11-00117.1}
}

@PhdThesis{Vasiljevic2014a,
  author =    {Nikola Vasiljevic},
  title =     {A time-space synchronization of coherent Doppler scanning lidars for 3D measurements of wind fields},
  school =    {DTU Wind Energy},
  year =      {2014},
  address =   {Denmark},
  file =      {:M\:\\Documents\\PhD\\Bibliography\\PhD_Thesis&Defense\\Nikola_V\\NVasiljevic_Thesis.pdf:PDF},
  keywords =  {DTU Wind Energy PhD-0027, DTU Wind Energy PhD-27, DTU-Wind-Energy-PhD-0027},
  publisher = {DTU Wind Energy},
  url =       {http://orbit.dtu.dk/files/102963702/NVasiljevic_Thesis.pdf}
}
